@book {MR882540,
    AUTHOR = {Bannai, Eiichi and Ito, Tatsuro},
     TITLE = {Algebraic combinatorics. {I}},
      NOTE = {Association schemes},
 PUBLISHER = {The Benjamin/Cummings Publishing Co., Inc., Menlo Park, CA},
      YEAR = {1984},
     PAGES = {xxiv+425},
      ISBN = {0-8053-0490-8},
   MRCLASS = {05-01},
  MRNUMBER = {882540},
}


@book{sagan2001symmetric,
  title={The Symmetric Group: Representations, Combinatorial Algorithms, and Symmetric Functions},
  author={Sagan, B. E.},
  isbn=9780387950679,
  lccn=00040042,
  series={Graduate Texts in Mathematics},
  url={http://books.google.com.mx/books?id=Jm-HBaMdt8sC},
  year=2001,
  publisher={Springer}
}


@book{munkres1984elements,
  title={Elements of Algebraic Topology},
  author={Munkres, J. R.},
  isbn={9780201627282},
  lccn={84006250},
  series={Advanced book classics},
  url={http://books.google.com.mx/books?id=Qw6m\_xGryPoC},
  year={1984},
  publisher={Perseus Books}
}

@article{dong2002combinatorial,
  title={Combinatorial Laplacian of the matching complex},
  author={Dong, Xun and Wachs, Michelle L},
  journal={the electronic journal of combinatorics},
  pages={R17--R17},
  year={2002}
}

@article {LPV08a,
    AUTHOR = {Larri{\'o}n, F. and Piza{\~n}a, M. A. and Villarroel-Flores, R.},
     TITLE = {Posets, clique graphs and their homotopy type},
   JOURNAL = {European J. Combin.},
  FJOURNAL = {European Journal of Combinatorics},
    VOLUME = {29},
      YEAR = {2008},
    NUMBER = {1},
     PAGES = {334--342},
      ISSN = {0195-6698},
   MRCLASS = {05C62 (05C69 06A11)},
  MRNUMBER = {MR2368640},
}

@book{feit1967characters,
  title={Characters of finite groups},
  author={Feit, Walter},
  volume={8},
  year={1967},
  publisher={WA Benjamin}
}

@article{wachs2006poset,
  title={Poset topology: tools and applications},
  author={Wachs, Michelle L},
  journal={arXiv preprint math/0602226},
  year={2006}
}


@book {harary,
    AUTHOR = {Harary, F.},
     TITLE = {Graph theory},
 PUBLISHER = {Addison-Wesley Publishing Co., Reading, Mass.-Menlo Park,
              Calif.-London },
      YEAR = {1969},
     PAGES = {ix+274},
   MRCLASS = {05.40},
  MRNUMBER = {MR0256911 (41 \#1566)},
MRREVIEWER = {M. E. Watkins},
}

@article{larrion2008equivariant,
  title={Equivariant collapses and the homotopy type of iterated clique graphs},
  author={Larri{\'o}n, Francisco and Piza{\~n}a, Miguel A and Villarroel-Flores, R},
  journal={Discrete mathematics},
  volume={308},
  number={15},
  pages={3199--3207},
  year={2008},
  publisher={Elsevier}
}

@article {MR756517,
    AUTHOR = {Bouc, S.},
     TITLE = {Homologie de certains ensembles ordonn\'es},
   JOURNAL = {C. R. Acad. Sci. Paris S\'er. I Math.},
  FJOURNAL = {Comptes Rendus des S\'eances de l'Acad\'emie des Sciences.
              S\'erie I. Math\'ematique},
    VOLUME = {299},
      YEAR = {1984},
    NUMBER = {2},
     PAGES = {49--52},
      ISSN = {0249-6291},
     CODEN = {CASMEI},
   MRCLASS = {20J05 (18G99)},
  MRNUMBER = {756517 (85k:20150)},
MRREVIEWER = {U. Stammbach},
}