@book {MR882540,
    AUTHOR = {Bannai, Eiichi and Ito, Tatsuro},
     TITLE = {Algebraic combinatorics. {I}},
      NOTE = {Association schemes},
 PUBLISHER = {The Benjamin/Cummings Publishing Co., Inc., Menlo Park, CA},
      YEAR = {1984},
     PAGES = {xxiv+425},
      ISBN = {0-8053-0490-8},
   MRCLASS = {05-01},
  MRNUMBER = {882540},
}
